@misc{phi,
  author       = {Michael Phi},
  title        = {Illustrated Guide to {LSTMs} and {GRUs}: A step by step explanation},
  howpublished = {\url{https://towardsdatascience.com/illustrated-guide-to-lstms-and-gru-s-a-step-by-step-explanation-44e9eb85bf21}},
  year         = {2018}
}

@misc{boehmke,
  author       = {Brad Boehmke},
  title        = {Computer vision \& {CNNs}: {MNIST} revisited},
  howpublished = {\url{https://rstudio-conf-2020.github.io/dl-keras-tf/04-computer-vision-cnns.html}},
  year         = {2020}
}

@misc{shah,
  author       = {Saily Shah},
  title        = {Convolutional Neural Network: An Overview},
  howpublished = {\url{https://www.analyticsvidhya.com/blog/2022/01/convolutional-neural-network-an-overview}},
  year         = {2022}
}

@misc{uc,
  author       = {UC R Programming},
  title        = {{UC} Business Analytics {R} Programming Guide},
  howpublished = {\url{http://uc-r.github.io}}
}

@misc{scikit,
  author       = {scikit-learn},
  title        = {Documentation},
  howpublished = {\url{https://scikit-learn.org/stable/modules/tree.html}}
}

@misc{mltech,
  author       = {mltech},
  title        = {Blog},
  howpublished = {\url{https://mltech.ai/en/w/multivariate_time_series_forecasting_for_bitcoin_pricing}}
}

@misc{influxdata,
  author       = {influxdata},
  howpublished = {\url{https://influxdata.com}}
}

@misc{finance,
  author       = {Google finance},
  howpublished = {\url{https://www.google.com/finance}}
}

