@Article{rs9060600,
AUTHOR = {Bellón, B. and Bégué, A. and Lo Seen, D. and De Almeida, C. A. and Simões, M.},
TITLE = {A Remote Sensing Approach for Regional-Scale Mapping of Agricultural Land-Use Systems Based on NDVI Time Series},
JOURNAL = {Remote Sensing},
VOLUME = {9},
YEAR = {2017},
NUMBER = {6},
ARTICLE-NUMBER = {600},
URL = {https://www.mdpi.com/2072-4292/9/6/600},
ISSN = {2072-4292},
DOI = {10.3390/rs9060600}
}

@article{IENCO201911,
title = {Combining Sentinel-1 and Sentinel-2 Satellite Image Time Series for land cover mapping via a multi-source deep learning architecture},
journal = {ISPRS Journal of Photogrammetry and Remote Sensing},
volume = {158},
pages = {11-22},
year = {2019},
issn = {0924-2716},
doi = {https://doi.org/10.1016/j.isprsjprs.2019.09.016},
url = {https://www.sciencedirect.com/science/article/pii/S0924271619302278},
author = {Ienco, D. and Interdonato, R. and Gaetano, R. and {Ho Tong Minh}, D.},
keywords = {Satellite Image Time Series, Deep learning, Land cover classification, Sentinel-2, Sentinel-1, Data fusion},
}

@article{WANG2018135,
title = {Deep visual domain adaptation: A survey},
journal = {Neurocomputing},
volume = {312},
pages = {135-153},
year = {2018},
author = {Wang, M. and Deng, W.}
}

@article{36364,
title	= {A theory of learning from different domains},
author	= {Ben-David, S. and Blitzer, J. and Crammer, K. and Kulesza, A. and Pereira, F. and Vaughan, J},
year	= {2010},
URL	= {http://www.springerlink.com/content/q6qk230685577n52/},
journal	= {Machine Learning},
pages	= {151--175},
volume	= {79}
}

@ARTICLE{Kouw21,
  author={Kouw, W. M. and Loog, M.},
  journal={IEEE Trans. on PAMI}, 
  title={A Review of Domain Adaptation without Target Labels}, 
  year={2021},
  volume={43},
  number={3},
  pages={766-785},
  doi={10.1109/TPAMI.2019.2945942}}



@INPROCEEDINGS{6247911,
  author={Gong, B. and Shi, Y. and Sha, F. and Grauman, K.},
  booktitle={2012 IEEE CVPR}, 
  title={Geodesic flow kernel for unsupervised domain adaptation}, 
  year={2012},
  volume={},
  number={},
  pages={2066-2073},
  doi={10.1109/CVPR.2012.6247911}}

@article{ganin2016domain,
  title={Domain-adversarial training of neural networks},
  author={Ganin, Y. and Ustinova, E. and Ajakan, H. and Germain, P. and Larochelle, H. and Laviolette, F. and Marchand, M. and Lempitsky, V.},
  journal={Journal of Machine Learning Research},
  volume={17},
  number={1},
  pages={2096--2030},
  year={2016}
}

@INPROCEEDINGS{8099799,
  author={Tzeng, E. and Hoffman, J. and Saenko, K. and Darrell, T.},
  booktitle={2017 IEEE CVPR}, 
  title={Adversarial Discriminative Domain Adaptation}, 
  year={2017},
  volume={},
  number={},
  pages={2962-2971},
  doi={10.1109/CVPR.2017.316}}

@Article{Tardy17,
AUTHOR = {Tardy, B. and Inglada, J. and Michel, J.},
TITLE = {Fusion Approaches for Land Cover Map Production Using High Resolution Image Time Series without Reference Data of the Corresponding Period},
JOURNAL = {Rem. Sens.},
VOLUME = {9},
YEAR = {2017},
NUMBER = {11},
ARTICLE-NUMBER = {1151},
URL = {https://www.mdpi.com/2072-4292/9/11/1151},
ISSN = {2072-4292},
DOI = {10.3390/rs9111151}
}

@INPROCEEDINGS{9324339,
  author={Lucas, B. and Pelletier, C. and Schmidt, D. and Webb, G. I. and Petitjean, F.},
  booktitle={IGARSS 2020}, 
  title={Unsupervised Domain Adaptation Techniques for Classification of Satellite Image Time Series}, 
  year={2020},
  volume={},
  number={},
  pages={1074-1077},
  doi={10.1109/IGARSS39084.2020.9324339}}

@Article{rs70302668,
AUTHOR = {Hagolle, O. and Huc, M. and Villa Pascual, D. and Dedieu, G.},
TITLE = {A Multi-Temporal and Multi-Spectral Method to Estimate Aerosol Optical  Thickness over Land, for the Atmospheric Correction of FormoSat-2,  LandSat, VENμS and Sentinel-2 Images},
JOURNAL = {Rem. Sens.},
VOLUME = {7},
YEAR = {2015},
NUMBER = {3},
PAGES = {2668--2691}
}

@Article{Pelletier19,
AUTHOR = {Pelletier, C. and Webb, G. I. and Petitjean, F.},
TITLE = {Temporal Convolutional Neural Network for the Classification of Satellite Image Time Series},
JOURNAL = {Rem. Sens.},
VOLUME = {11},
YEAR = {2019},
NUMBER = {5},
ARTICLE-NUMBER = {523}
}

@ARTICLE{9197599,
  author={Ienco, D. and Gbodjo, Y. J-E. and Gaetano, R. and Interdonato, R.},
  journal={IEEE Access}, 
  title={Weakly Supervised Learning for Land Cover Mapping of Satellite Image Time Series via Attention-Based CNN}, 
  year={2020},
  volume={8},
  number={},
  pages={179547-179560},
  doi={10.1109/ACCESS.2020.3024133}}
  
@Article{rs12172814,
AUTHOR = {Gbodjo, Y. J-E. and Ienco, D. and Leroux, L. and Interdonato, R. and Gaetano, R. and Ndao, B.},
TITLE = {Object-Based Multi-Temporal and Multi-Source Land Cover Mapping Leveraging Hierarchical Class Relationships},
JOURNAL = {Rem. Sens.},
VOLUME = {12},
YEAR = {2020},
NUMBER = {17},
ARTICLE-NUMBER = {2814}
}

@unknown{gapfilling,
author = {Inglada, Jordi},
year = {2016},
month = {01},
pages = {},
title = {OTB Gapfilling, a temporal gapfilling for image time series library},
doi = {10.5281/zenodo.45572}
}

@inproceedings{WilsonDC20,
  author    = {G. Wilson and
               J. Rao Doppa and
               D. J. Cook},
  title     = {Multi-Source Deep Domain Adaptation with Weak Supervision for Time-Series Sensor Data},
  booktitle = {ACM KDD},
  pages     = {1768--1778},
  year      = {2020}
}


@article{GOMEZ201655,
title = {Optical remotely sensed time series data for land cover classification: A review},
journal = {ISPRS Journal of Photogrammetry and Remote Sensing},
volume = {116},
pages = {55-72},
year = {2016},
author = {C. Gómez and J. C. White and M. A. Wulder}
}



@article{TOTH201622,
title = {Remote sensing platforms and sensors: A survey},
journal = {ISPRS Journal of Photogrammetry and Remote Sensing},
volume = {115},
pages = {22-36},
year = {2016},
author = {C. Toth and G. Jóźków}
}


